% This file was created with JabRef 2.10.
% Encoding: ISO8859_1
@Book{LeeSmoMan,
  Title                    = {Smooth Manifolds},
  Author                   = {Lee, J. M.}
}
@Misc{RezkQuasi,
  Title = {Stuff about Quasicategories},
  Author = {Charles Rezk},
  Annote = {Lecture notes for a course about quasicategories. See project 1.}
}

@Book{LuHiTop,
  Title                    = {Higher Topos Theory},
  Author                   = {Lurie, J.},
  Publisher                = {Princeton University Press},
  Year                     = {2009},
  Annote                   = {Reference on the theory of quasicategories, as well as on infinity,1 topoi}
}

@Book{LuHiAlg,
  Title                    = {Higher Algebra},
  Author                   = {Lurie, J.},
  Year                     = {2017}
}
@Book{Hatcher,
  Title                    = {Algebraic Topology},
  Author                   = {Hatcher, A.},
  Publisher                = {Cambridge University Press},
  Year                     = {2001},
  Annote                   = {Standard introductory textbook on algebraic topology. Fairly comprehensive description of (singular) homology and cohomology, and of higher homotopy groups. Fairly geometric in flavor}
}

@Book{Zhu,
  Title                    = {An Introduction to Operator Algebras},
  Author                   = {Zhu, K.},
  Publisher                = {CRC Press},
  Year                     = {1993},
  Annote                   = {A standard textbook on operator algebras. Covers Banach algebras, C*-algebras, Von Neumann-algebras.}
}

@Book{MacLaneMoerdijk,
  Title                    = {Sheaves in Geometry and Logic},
  Author                   = {Saunders Mac Lane and Ieke Moerdijk},
  Publisher                = {Springer-Verlag New York, Inc.},
  Year                     = {1992},
  Annote                   = {Popular book on topos theory. Still forming opinion.}
}
@Book{Goerss-Jardine,
  Title                    = {Simplicial homotopy theory},
  Author                   = {Goerss, P.G. and Jardine, J.F.},
  Publisher                = {Birkh{\"a}user Verlag AG},
  Year                     = {2009},
  Annote                   = {Standard reference, both on the basic theory of simplicial sets and on their "homotopy theory"}
}

@Book{Munkres,
  Title                    = {Topology},
  Author                   = {Munkres, J. R.},
  Publisher                = {Prentice Hall, Inc.},
  Year                     = {2000},
  Edition                  = {2nd},
  Annote                   = {The de facto reference and textbook on point-set topology. One of the greatest textbooks of all time}
}
@Book{AndersonAndMoore,
  Title                    = {Optimal Control: Linear Quadratic Methods},
  Author                   = {Anderson, B.D.O. and Moore, J.B.},
  Publisher                = {Prentice-Hall, Inc.},
  Year                     = {1990},

  Annote                   = {A major book on the theory LQ methods in discrete and continuous control.  Excellent exposition of the Hamilton-Jacobi-Bellman equations to derive the optimal LQR/LQE solutions.},
  Owner                    = {richard},
  Timestamp                = {2017.01.26}
}

@Book{StrunkWhite,
  Title                    = {Elements of Style},
  Author                   = {William Strunk and E.B. White},
  Publisher                = {Longman},
  Year                     = {2000},

  Address                  = {New York, NY},
  Edition                  = {4th},

  Annote                   = {People like this book, personally, I do not think it is good for technical writing.}
}

@Book{NumLinAlg,
  Title                    = {Numerical Linear Algebra},
  Author                   = {Lloyd N. Trefethen and David Bau},
  Publisher                = {Society for Industrial and Applied Mathematics},
  Year                     = {1997},

  Address                  = {Philadelphia, PA},

  Annote                   = {Excellent book for the introduction to numerical linear algebra.  I used the SVD results as an example for the logbook template.},
  Comment                  = {pp. 361, ISBN: 0-89871-361-7, },
  Owner                    = {richard},
  Timestamp                = {2017.01.27}
}
