% This file was created with JabRef 2.10.
% Encoding: ISO8859_1
@Article{BarBea,
  Title = {Chromatic Structures in stable homotopy theory},
  Author = {Tobias Barthel and Agnès Beaudry},
  journal = {ArXiv e-prints},
archivePrefix = "arXiv",
 eprint = {1901.09004},
 Year = {2019}
}
@Article{BalmerTTG,
  Title = {Tensor triangular geometry},
  Author = {Paul Balmer},
  journal = {Proceedings of the ICM},
  Year = {2010}
}
@Article{Moore1981,
  Title                    = {Principal component analysis in linear systems: Controllability, observability, and model reduction},
  Author                   = {Moore, B.},
  Journal                  = {Automatic Control, IEEE Transactions on},
  Year                     = {1981},

  Month                    = {Feb},
  Note                     = {Test the annotated bilbiography.},
  Number                   = {1},
  Pages                    = { 17 - 32},
  Volume                   = {26},

  Annote                   = {Seminal work of Moore. While not the first paper on model order reduction in control, it was the first that made it popular and presented a simple technique to obtain a good approximation.},
  Doi                      = {10.1109/TAC.1981.1102568},
  ISSN                     = {0018-9286},
  Keywords                 = { Controllability, linear systems; Multivariable systems; Observability, linear systems; Reduced-order systems, linear;},
  Owner                    = {richard},
  Timestamp                = {2017.01.27}
}
@Article{GGN2013,
  Title = {Universality of multiplicative infinite loop space machines},
  Author = {David Gepner and Moritz Groth and Thomas Nikolaus},
  Year = {2013},
  Journal ={Algebr. Geom. Topol. 15}
}
@Article{GKRW,
  Title = {Cellular $E_k$-algebras},
  Author = {Galatius, Søren and Kupers, Alexander and Randall-Williams, Oscar},
  Year = {2018},
  archivePrefix = "arXiv",
  eprint = "1805.07184",
  journal = {ArXiv e-prints}
}

@Article{BSS,
  Title = {Chromatic homotopy theory is asymptotically algebraic},
  Author = {Tobias Barthel and Nathaniel Stapleton and Tomer Schlank},
  Year = {2017},
  journal = {ArXiv e-prints},
archivePrefix = "arXiv",
 eprint = {1711.00844}
}
@Article{BouLocSpc,
  Title = {Localization of spaces with respect to homology},
  Author = {A. K. Bousfield},
  Year = {1974},
  Journal = {Topology}
}
@Article{SegCatCoh,
  Title = {Categories and cohomology theories},
  Author = {Graeme Segal},
  Year = {1972},
  Journal = {Topology}
}

@Article{Mah15,
  Title = {$C^*$-algebraic drawings of dendroidal sets},
  Author = {Snigdhayan Mahanta},
  Year = {2015},
  journal = {Algebr. Geom. Topol., 19 (3), 1171--1206, 2019},
archivePrefix = "arXiv",
 eprint = {1501.05799}
 }
@Article{FSP19,
  Title = {Backprop as Functor},
  Author = {Brendan Fong and David Spivak and Remy Tuyéras},
  Year = {2019},
  journal = {LICS 2019},
  archivePrefix = "arXiv",
  eprint = {1711.10455}
}
@Article{Haine19,
  Title = {On coherent topoi \& coherent 1-localic $\infty$-topoi},
  Author = {Peter J. Haine},
  Year = {2019},
  archivePrefix = "arXiv",
  journal = {ArXiv e-prints},
  eprint = {1904.01877}
}
@Article{GHWZ18,
  Title = {Compositional Game Theory},
  Author = {Neil Ghani and Jules Hedges and Viktor Winschel and Philipp Zahn},
  Year = {2018},
  journal = {LICS 2018},
  archivePrefix = "arXiv",
  eprint = {1603.04641}
}
@Article{Sturtz19,
  Title = {The equivalence of the categories of Giry-algebras and super convex spaces},
  Author = {Kirk Sturtz},
  Year = {2019},
  journal = {ArXiv e-prints},
  archivePrefix = "arXiv",
  eprint = {1907.03209},
  Annote = {Author has previously published and corrected erroneous similar results (comparing Giry algebras and convex measure spaces). This paper may bear double-checking.}
}
@Article{Hedges19,
  Title = {From open learners to open games},
  Author = {Jules Hedges},
  Year = {2019},
  jorunal = {ArXiv e-prints},
  archivePrefix = "arXiv",
  eprint = {1902.08666}
}
@Article{Balmer17,
  Title = {Nilpotence theorems via homological residue fields},
  Author = {Paul Balmer},
  Year = {2017},
  archivePrefix = "arXiv",
  eprint = {1710.04799}
}
@Article{BHM18,
  Title = {A Whitehead theorem for periodic homotopy groups},
  Author = {Tobias Barthel and Gijs Heuts and Lennart Meier},
  Year = {2018},
  archivePrefix = "arXiv",
  eprint = {1811.04030}
}
@Article{BGT10,
  Title = {A universal characterization of higher algebraic K-theory},
  Author = {Andrew J. Blumberg and David Gepner and Goncalo Tabuada},
  Year = {2010},
  archivePrefix = "arXiv",
  eprint = {1001.2282}
}
@Article{CHP18,
  Title = {Discrete dynamics and differentiable stacks},
  Author = {Alejandro Cabrera and Matias del Hoyo and Enrique Pujals},
  Year = {2018},
  archivePrefix = "arXiv",
  eprint = {1804.00220}
}

@Article{Caramello19,
  Title = {Denseness conditions, morphisms and equivalences of toposes},
  Author = {Olivia Caramello},
  Year = {2019},
  archivePrefix = "arXiv",
  eprint = {1906.08737}
}
@Article{CH19,
  Title = {Homotopy-coherent algebra via Segal conditions},
  Author = {Hongyi Chu and Rune Haugseng},
  Year = {2019},
  archivePrefix = "arXiv",
  eprint = {1907.03977}
}
@Article{FMT19,
  Title = {Functorial Question Answering},
  Author = {Giovanni de Felice and Konstantinos Meichanetzidis and Alexis Toumi},
  Year = {2019},
  archivePrefix = "arXiv",
  eprint = {1905.07408}
}
@Article{FS18RegularLogic,
  Title = {Graphical Regular Logic},
  Author = {Brendan Fong and David I Spivak},
  Year = {2018},
  archivePrefix = "arXiv",
  eprint = {1812.05765}
}
@Article{FS18HypergraphCats,
  Title = {Hypergraph Categories},
  Author = {Brendan Fong and David I Spivak},
  Year = {2018},
  archivePrefix = "arXiv",
  eprint = {1806.08304}
}
@Article{Gavranovic19,
  Title = {Compositional Deep Learning},
  Author = {Bruno Gavranović},
  Year = {2019},
  archivePrefix = "arXiv",
  eprint = {1907.08292}
}
@Article{Gepner19,
  Title = {An Introduction to Higher Categorical Algebra},
  Author = {David Gepner},
  Year = {2019},
  archivePrefix = "arXiv",
  eprint = {1907.02904}
}
@Article{Heuts19,
  Title = {Lie algebra models for unstable homotopy theory},
  Author = {Gijs Heuts},
  Year = {2019},
  archivePrefix = "arXiv",
  eprint = {1907.13055}
}
@Article{Hinich18,
  Title = {So, what is a derived functor?},
  Author = {V. Hinich},
  Year = {2018},
  archivePrefix = "arXiv",
  eprint = {1811.12255}
}
@Article{KU17,
  Title = {A categorical semantics for causal structure},
  Author = {Aleks Kissinger and Sander Uijlen},
  Year = {2017},
  archivePrefix = "arXiv",
  eprint = {1701.04732}
}
@Article{LT19,
  Title = {Enriched Regular Theories},
  Author = {Stephen Lack and Giacomo Tendas},
  Year = {2019},
  archivePrefix = "arXiv",
  eprint = {1907.02301}
}
@Article{Posur19,
  Title = {Methods of constructive category theory},
  Author = {Sebastian Posur},
  Year = {2019},
  archivePrefix = "arXiv",
  eprint = {1908.04132}
}
@Article{SS14,
  Title = {Virtual vector bundles and graded Thom spectra},
  Author = {Steffen Sagave and Christian Schlichtkrull},
  Year = {2014},
  archivePrefix = "arXiv",
  eprint = {1410.4492}
}
@Article{Wu19,
  Title = {An Open Petri Net Implementation of Gene Regulatory Networks},
  Author = {Yanying Wu},
  Year = {2019},
  archivePrefix = "arXiv",
  eprint = {1907.11316}
}
@Article{SSV16,
  Title = {Dynamical Systems and Sheaves},
  Author = {Patrick Schultz and David I. Spivak and Christina Vasilakopoulou},
  Year = {2016},
  archivePrefix = "arXiv",
  eprint = {1609.08086}
}
@Article{BP17,
  Title = {A Compositional Framework for Reaction Networks},
  Author = {John C. Baez and Blake S. Pollard},
  Year = {2017},
  archivePrefix = "arXiv",
  eprint = {1704.02051}
}
@Article{BF13,
  Title = {Quantum Techniques for Studying Equilibrium in Reaction Networks},
  Author = {John C. Baez and Brendan Fong},
  Year = {2013},
  archivePrefix = "arXiv",
  eprint = {1305.4988},
  Annote = {Not actually related to compositional methods (of course, the title doesn't really say that it is, so...)}
}
@Article{BHW18,
  Title = {The algebra of predicting agents},
  Author = {Joe Bolt and Jules Hedges and Viktor Winschel},
  Year = {2018},
  archivePrefix = "arXiv",
  eprint = {1803.10131},
  Annote = {A long discussion of the algebra of fixpoint agents}
}
@Article{Fong15,
  Title = {Decorated Cospans},
  Author = {Brendan Fong},
  Year = {2015},
  archivePrefix = "arXiv",
  eprint = {1502.00872}
}
